@Article{link1,
    Author="Paneth, N.  and Vinten-Johansen, P.  and Brody, H.  and Rip, M. ",
    Title="{{A} rivalry of foulness: official and unofficial investigations of the {L}ondon cholera epidemic of 1854}",
    Journal="Am J Public Health",
    Year="1998",
    Volume="88",
    Number="10",
    Pages="1545--1553",
    %Month="Oct"
}
@Article{link2,
    Author="Chao, D. L.  and Longini, I. M.  and Morris, J. G. ",
    Title="{{M}odeling cholera outbreaks}",
    Journal="Curr. Top. Microbiol. Immunol.",
    Year="2014",
    Volume="379",
    Pages="195--209"
}
@Article{link3,
   Author="Tien, J. H.  and Poinar, H. N.  and Fisman, D. N.  and Earn, D. J. ",
   Title="{{H}erald waves of cholera in nineteenth century {L}ondon}",
   Journal="J R Soc Interface",
   Year="2011",
   Volume="8",
   Number="58",
   Pages="756--760",
   %Month="May"
}
@Article{link4,
   Author="Tuite, A. R.  and Tien, J.  and Eisenberg, M.  and Earn, D. J.  and Ma, J.  and Fisman, D. N. ",
   Title="{{C}holera epidemic in {H}aiti, 2010: using a transmission model to explain spatial spread of disease and identify optimal control interventions}",
   Journal="Ann. Intern. Med.",
   Year="2011",
   Volume="154",
   Number="9",
   Pages="593--601",
   %Month="May"
}
@Article{link5,
   Author="Grad, Y. H.  and Miller, J. C.  and Lipsitch, M. ",
   Title="{{C}holera modeling: challenges to quantitative analysis and predicting the impact of interventions}",
   Journal="Epidemiology",
   Year="2012",
   Volume="23",
   Number="4",
   Pages="523--530",
   %Month="Jul"
}
@Article{link6,
   Author="Wilford, J. N.",
   Title="{{H}ow epidemics helped shape the modern metropolis}",
   Journal="Epidemiology",
   Year="2008",
   Journal="New York Times",
   %Month="Jul"
}
@Article{link7,
    author = {{Sciarra}, C. and {Rinaldo}, A. and {Laio}, F. and {Pasetto}, D.},
    title = "{Mathematical modeling of cholera epidemics in South Sudan}",
    journal = {arXiv e-prints},
    archivePrefix = "arXiv",
    eprint = {1801.03125},
    primaryClass = "q-bio.PE",
    year = 2018,
    %month = jan,
}
@Article{link8,
    Author="Codeco, C. T. ",
    Title="{{E}ndemic and epidemic dynamics of cholera: the role of the aquatic reservoir}",
    Journal="BMC Infect. Dis.",
    Year="2001",
    Volume="1",
    Pages="1"
}
@Article{link9,
   Author="Tien, J. H.  and Earn, D. J. ",
   Title="{{M}ultiple transmission pathways and disease dynamics in a waterborne pathogen model}",
   Journal="Bull. Math. Biol.",
   Year="2010",
   Volume="72",
   Number="6",
   Pages="1506--1533",
   %Month="Aug"
}
@Inbook{link10,
    author="van den Driessche, P.",
    editor="Brauer, Fred and van den Driessche, Pauline and Wu, Jianhong",
    title="Spatial Structure: Patch Models",
    bookTitle="Mathematical Epidemiology",
    year="2008",
    publisher="Springer Berlin Heidelberg",
    address="Berlin, Heidelberg",
    pages="179--189",
}
@article{link11,
	author = {Kaper, J B and Morris, J G and Levine, M M},
	title = {Cholera},
    journal = {Clinical Microbiology Reviews},
	volume = {8},
	number = {1},
	pages = {48--86},
	year = {1995},
	publisher = {American Society for Microbiology Journals},
}
@Manual{link12,
    title = {cholera: Amend, Augment and Aid Analysis of John Snow's Cholera Map},
    author = {Peter Li},
    year = {2019},
}
@Article{link13,
   Author="Lee, E. C.  and Kelly, M. R.  and Ochocki, B. M.  and Akinwumi, S. M.  and Hamre, K. E. S.  and Tien, J. H.  and Eisenberg, M. C. ",
   Title="{{M}odel distinguishability and inference robustness in mechanisms of cholera transmission and loss of immunity}",
   Journal="J. Theor. Biol.",
   Year="2017",
   Volume="420",
   Pages="68--81",
   %Month="05"
}
@Article{link14,
   Author="Azman, A. S.  and Rudolph, K. E.  and Cummings, D. A.  and Lessler, J. ",
   Title="{{T}he incubation period of cholera: a systematic review}",
   Journal="J. Infect.",
   Year="2013",
   Volume="66",
   Number="5",
   Pages="432--438",
   %Month="May"
}
@Article{link15,
   Author="Kong, J. D.  and Davis, W.  and Wang, H. ",
   Title="{{D}ynamics of a cholera transmission model with immunological threshold and natural phage control in reservoir}",
   Journal="Bull. Math. Biol.",
   Year="2014",
   Volume="76",
   Number="8",
   Pages="2025--2051",
   %Month="Aug"
}
@Article{link16,
    Author = "Luo, J.  and Wang, J.  and Wang, H.",
    Title = "{{S}easonal forcing and exponential threshold incidence in cholera dynamics}",
    Journal = "Discrete and Continuous Dynamical Systems",
    Volume = "22",
    Number = "6",
    Pages = "2261-2290",
    Year = "2017",
}
